@article{RadonjicHoesli2018Urticaria,
  title={Urticaria and Angioedema: an Update on Classification and Pathogenesis},
  author={S. Radonjic-Hoesli and K. Hofmeier and S. Micaletto and P. Schmid-Grendelmeier and A. Bircher and D. Simon},
  journal={Clinical Reviews in Allergy \& Immunology},
  year={2018},
  volume={54},
  pages={88--101},
  doi={10.1007/s12016-017-8628-1}
}

@article{Zuberbier2021The,
    title={The international EAACI/GA²LEN/EuroGuiDerm/APAAACI guideline for the definition, classification, diagnosis, and management of urticaria},
    author={T. Zuberbier and A. A. Abdul Latiff and M. Abuzakouk and S. Aquilina and R. Asero and D. Baker and B. Ballmer-Weber and C. Bangert and M. Ben-Shoshan and J. Bernstein and C. Bindslev-Jensen and K. Brockow and Z. Brzoza and H. C. Chong Neto and M. Church and P. Criado and I. Danilycheva and C. Dressler and L. Ensina and L. Fonacier and M. Gaskins and K. Gáspár and A. Gelincik and A. Giménez-Arnau and K. Godse and M. Gonçalo and C. Grattan and M. Grosber and E. Hamelmann and J. Hébert and M. Hide and A. Kaplan and A. Kapp and A. Kessel and E. Kocatürk and K. Kulthanan and D. Larenas-Linnemann and A. Lauerma and T. Leslie and M. Magerl and M. Makris and R. Meshkova and M. Metz and D. Micallef and C. Mortz and A. Nast and H. Oude-Elberink and R. Pawankar and P. Pigatto and H. Ratti Sisa and M. I. Rojo Gutiérrez and S. Saini and P. Schmid-Grendelmeier and B. Sekerel and F. Siebenhaar and H. Siiskonen and A. Soria and P. Staubach-Renz and L. Stingeni and G. Sussman and A. Szegedi and S. Thomsen and Z. Vadasz and C. Vestergaard and B. Wedi and Zuotao Zhao and M. Maurer},
    journal={Allergy},
    year={2021},
    volume={77},
    pages={734--766},
    doi={10.1111/all.15090}
}

@article{Ring2012Urticaria,
  title={Urticaria: Attempts at Classification},
  author={Johannes Ring and M. Grosber},
  journal={Current Allergy and Asthma Reports},
  year={2012},
  volume={12},
  pages={263--266},
  doi={10.1007/s11882-012-0275-2}
}

@article{Schettini2023Urticaria,
title={Urticaria: A Narrative Overview of Differential Diagnosis},
author={N. Schettini and M. Corazza and Cecilia Schenetti and Lucrezia Pacetti and A. Borghi},
journal={Biomedicines},
year={2023},
volume={11},
doi={10.3390/biomedicines11041096}
}

@article{Pozderac2020Chronic,
title={Chronic inducible urticaria: classification and prominent features of physical and non-physical types.},
author={Iva Pozderac and L. Lugović-Mihić and M. Artuković and A. Stipić-Marković and Matea Kuna and I. Ferček},
journal={Acta dermatovenerologica Alpina, Pannonica, et Adriatica},
year={2020},
volume={29 3},
pages={141-148},
doi={10.15570/actaapa.2020.29}
}

@article{Balp2015The,
title={The Impact of Chronic Urticaria from the Patient's Perspective: A Survey in Five European Countries},
author={M. Balp and J. Vietri and H. Tian and G. Isherwood},
journal={The Patient},
year={2015},
volume={8},
pages={551--558},
doi={10.1007/s40271-015-0145-9}
}

@article{Poddighe2019LETTER,
title={LETTER TO THE EDITOR: The prevalence of Chronic Spontaneous Urticaria (CSU) in the pediatric population.},
author={D. Poddighe},
journal={Journal of the American Academy of Dermatology},
year={2019},
doi={10.1016/j.jaad.2019.07.068}
}

@article{Labbene2023Prevalence,
title={Prevalence and treatment of Chronic Spontaneous Urticaria in Children},
author={Imen Labbene and Ayman Tekou},
journal={Scholars Journal of Applied Medical Sciences},
year={2023},
doi={10.36347/sjams.2023.v11i09.025}
}

@article{Dressler2018Chronic,
title={Chronic inducible urticaria: A systematic review of treatment options},
author={C. Dressler and R. Werner and L. Eisert and T. Zuberbier and A. Nast and M. Maurer},
journal={The Journal of Allergy and Clinical Immunology},
year={2018},
volume={141},
pages={1726--1734},
doi={10.1016/j.jaci.2018.01.031}
}

@article{sella2023type,
  title={Type I and type IIb autoimmune chronic spontaneous urticaria: Using common clinical tools for endotyping patients with CSU},
  author={Sella, Juliana A and Ferriani, Mariana PL and Melo, Janaina ML and Neto, Orlando Trevisan and Zanetti, Maria Eduarda T and Cordeiro, Daniel L and Lemos, Jos Eand Barros Jr, Sebastio A and Aragon, Davi C and Arruda, L Karla},
  journal={Journal of Allergy and Clinical Immunology: Global},
  volume={2},
  number={4},
  pages={100159},
  year={2023},
  publisher={Elsevier}
}

@article{Xiang2023Chronic,
title={Chronic spontaneous urticaria: new evidences on the role of autoimmunity},
author={Yi Xiang and Sercan Guloglu and Daniel Elieh-Ali-Komi and E. Kocatürk},
journal={Current Opinion in Allergy and Clinical Immunology},
year={2023},
volume={23},
pages={438--445},
doi={10.1097/ACI.0000000000000927}
}

@article{Kolkhir2021Autoimmune,
title={Autoimmune Diseases Are Linked to Type IIb Autoimmune Chronic Spontaneous Urticaria},
author={P. Kolkhir and S. Altrichter and R. Asero and A. Daschner and M. Ferrer and A. Giménez-Arnau and T. Hawro and T. Jakob and T. Kinaciyan and A. Kromminga and G. Konstantinou and M. Makris and M. Metz and P. Skov and P. Staubach and G. Sussman and Ke-jun Zhang and M. Maurer},
journal={Allergy, Asthma \& Immunology Research},
year={2021},
volume={13},
pages={545--559},
doi={10.4168/aair.2021.13.4.545}
}

@article{Maronese2023IgG,title={IgG and IgE Autoantibodies to IgE Receptors in Chronic Spontaneous Urticaria and Their Role in the Response to Omalizumab},author={C. Maronese and S. Ferrucci and C. Moltrasio and Maurizio Lorini and V. Carbonelli and R. Asero and A. Marzano and M. Cugno},journal={Journal of Clinical Medicine},year={2023},volume={12},doi={10.3390/jcm12010378}}

@article{SanchezBorges2017Factors,title={Factors linked to disease severity and time to remission in patients with chronic spontaneous urticaria},author={M. SanchezBorges and F. Caballero-Fonseca and A. Capriles-Hulett and L. González-Aveledo and M. Maurer},journal={Journal of the European Academy of Dermatology and Venereology},year={2017},volume={31},doi={10.1111/jdv.14221}}

@article{Rabelo-Filardi2013Parameters,
title={Parameters Associated with Chronic Spontaneous Urticaria Duration and Severity: A Systematic Review},
author={Rafael Rabelo-Filardi and R. Daltro-Oliveira and R. Campos},
journal={International Archives of Allergy and Immunology},
year={2013},
volume={161},
pages={197 - 204},
doi={10.1159/000346896}
}

@article{Lin2011Predictive,title={Predictive factors of the duration of a first-attack acute urticaria in children.},author={Yan-Ren Lin and Tzu-Hsuan Liu and Tung-Kung Wu and Yu-Jun Chang and C. Chou and Han-Ping Wu},journal={The American journal of emergency medicine},year={2011},volume={29 8},pages={ 883-9 },doi={10.1016/j.ajem.2010.04.004}}

@article{Curto-Barredo2018Clinical,
title={Clinical Features of Chronic Spontaneous Urticaria that Predict Disease Prognosis and Refractoriness to Standard Treatment.},
author={L. Curto-Barredo and Laura Riba Archilla and Guillem Vives and R. Pujol and A. Giménez-Arnau},
journal={Acta dermato-venereologica},
year={2018},
volume={98 7},
pages={ 641-647 },
doi={10.2340/00015555-2941}
}

@article{Chiang2022Predictors,title={Predictors of Response to Oral Medications and Low-Histamine Diet in Patients with Chronic Urticaria},author={Hui-Ling Chiang and Chen-Hung Chen and M. Koo and Tzung-Yi Tsai and Cheng-Han Wu},journal={Journal of Immunology Research},year={2022},volume={2022},doi={10.1155/2022/5243825}}

@article{Kim2021High,title={High waist circumference rather than high body mass index may be a predictive risk factor for the longer disease duration of chronic spontaneous urticaria},author={Y. Kim and Kyung Do Han and C. Bang and J. H. Lee and Jun Young Lee and Y. Park and YoungMin Park},journal={Scientific Reports},year={2021},volume={11},doi={10.1038/s41598-021-81484-1}}

@article{Wu2021Predicting,title={Predicting Prolonged Length of ICU Stay through Machine Learning},author={Jingyi Wu and Yu Lin and Pengfei Li and Yonghua Hu and Luxia Zhang and G. Kong},journal={Diagnostics},year={2021},volume={11},doi={10.3390/diagnostics11122242}}

@article{Ghosh2022An,title={An Epidemic Model with Time Delay Determined by the Disease Duration},author={Samiran Ghosh and V. Volpert and M. Banerjee},journal={Mathematics},year={2022},doi={10.3390/math10152561}}

@article{Etu2022Prediction,title={Prediction of Length of Stay in the Emergency Department for COVID-19 Patients: A Machine Learning Approach},author={E. Etu and L. Monplaisir and S. Arslanturk and S. Masoud and C. Aguwa and Ihor Markevych and Joseph Miller},journal={IEEE Access},year={2022},volume={10},pages={42229-42237},doi={10.1109/ACCESS.2022.3168045}}